@article{IoTeX,
    author = {Team, The IoTeX},
    title = {A Decentralized Network for Internet of Things Powered by a Privacy-Centric Blockchain},
    year = {2018},
    month = jul,
    publisher = {The IoTeX Team},
}

@misc{ESP32KnownBugs,
    author = {Inc., Espressif},
    title = {{ ECO } and Workarounds for Bugs},
    url = {https://www.espressif.com/sites/default/files/documentation/eco\_and\_workarounds\_for\_bugs\_in\_esp32\_en.pdf},
    note = {[Online; nav\v st\'\i veno 31.03.2019]},
}

@MISC{ESP32Datasheet,
    author = "Espressif Inc.",
    title = "{ESP32} Series Datasheet",
    url = "https://www.espressif.com/sites/default/files/documentation/esp32_datasheet_en.pdf",
    note = "[Online; navštíveno 25.01.2019]",
}

@manual{NodeRedDocs,
    author = {Foundation., JS},
    title = {{ Node-RED } Documentation},
    url = {https://nodered.org/docs/},
    note = {[Online; nav\v st\'\i veno 04.03.2019]},
}

@article{Esp32LongRangeWifi,
    author = {Allan, Alasdair},
    title = {Long-Range { WiFi } for the { ESP32 }},
    journal = {Medium.com},
    year = {2018},
    month = feb,
}

@article{NodeRedFlows,
    author = {Keep, Stephen},
    title = {Understanding { Node-RED } flows},
    journal = {Medium.com},
    year = {2016},
    month = mar,
}

@book{Esp32KolbansBook,
    author = {Kolban, Neil},
    title = {Kolban's book on { ESP32 }},
    year = {2017},
    publisher = {Leanpub},
}

@BOOK{FirstVersionOfDataflow,
    author = {Dennis, J. B.},
    title = {First Version of a Data Flow Procedure Language},
    booktitle = {Programming Symposium, Proceedings Colloque Sur La Programmation},
    year = {1974},
    isbn = {3-540-06859-7},
    pages = {362--376},
    numpages = {15},
    acmid = {721501},
    publisher = {Springer-Verlag},
    address = {Berlin, Heidelberg},
}
